%% This BibTeX bibliography file was created using BibDesk.
%% http://bibdesk.sourceforge.net/


%% Created for Jeppe Knudsen at 2019-02-19 14:47:06 +0100 


%% Saved with string encoding Unicode (UTF-8) 


@comment{jabref-meta: databaseType:biblatex;}



@report{PDF:BrugerWorkshopUserTonePrints,
	Author = {Jesper Lumbye Andersen},
	Date-Added = {2019-02-19 14:45:51 +0100},
	Date-Modified = {2019-02-19 14:47:05 +0100},
	Institution = {TC Electronic},
	Title = {Gennemf{\o}relse af bruger-workshop for oplevelsesdesign af deling af User TonePrints},
	Type = {Report},
	Year = {2015}}

@report{PDF:DesignforloebAfUserTonePrint,
	Author = {Jesper Lumbye Andersen},
	Date-Added = {2019-02-19 14:44:29 +0100},
	Date-Modified = {2019-02-19 14:45:48 +0100},
	Institution = {TC Electronic},
	Title = {Forslag til designforl{\o}b for oplevelsesdesign af deling af User TonePrint},
	Type = {Report},
	Year = {2014}}

@report{PDF:TonePrintAnalyse,
	Author = {Jesper Lumbye Andersen},
	Date-Added = {2019-02-19 14:38:53 +0100},
	Date-Modified = {2019-02-19 14:43:48 +0100},
	Institution = {TC Electronic},
	Title = {Teoretisk Analyse af oplevelsesdesign i TonePrint},
	Type = {Report},
	Year = {2012}}
